@misc{fisher_1988_iris,
  author = {Fisher, R. A. },
  title = {Iris},
  url = {https://archive.ics.uci.edu/dataset/53/iris},
  year = {1988},
  organization = {archive.ics.uci.edu}
}

@article{fisher_1936,
  author = {FISHER, R. A.},
  pages = {179-188},
  title = {THE USE OF MULTIPLE MEASUREMENTS IN TAXONOMIC PROBLEMS},
  doi = {10.1111/j.1469-1809.1936.tb02137.x},
  volume = {7},
  year = {1936},
  journal = {Annals of Eugenics}
}

@misc{wagner_2023_secondary,
  author = {Wagner, Dennis and Heider, D and Hattab, Georges},
  title = {Secondary Mushroom},
  url = {https://archive.ics.uci.edu/dataset/848/secondary+mushroom+dataset},
  year = {2023},
  organization = {archive.ics.uci.edu}
}

@misc{tansas_2009_parkinsons,
  author = {Tansas, Athansios and A. Little, Max, McSharry, Patrick, and Ramig, Lorraine},
  title = {Parkinsons Telemonitoring},
  url = {https://archive.ics.uci.edu/dataset/189/parkinsons+telemonitoring},
  year = {2009},
  organization = {archive.ics.uci.edu}
}

@misc{exampledt,
  author = {Brownlee, Jason},
  month = {09},
  title = {Classification And Regression Trees for Machine Learning},
  url = {https://machinelearningmastery.com/classification-and-regression-trees-for-machine-learning/},
  year = {2017},
  organization = {Machine Learning Mastery}
}